
@misc{sealcrypto,
    title = {{M}icrosoft {SEAL} (release 2.3)},
    howpublished = {\url{http://sealcrypto.org}},
    month = dec,
    year = 2017,
    note = {Microsoft Research, Redmond, WA.},
    key = {SEAL}
}

@misc{python-paillier,
    title = {python-paillier},
    howpublished = {\url{https://github.com/n1analytics/python-paillier}},
    month = dec,
    year = 2012,
    note = {n1analytics},
    key = {python-paillier}
}

@misc{PySEAL,
    title = {PySEAL},
    howpublished = {\url{https://github.com/Lab41/PySEAL}},
    month = dec,
    year = 2017,
    note = {Lab41},
    key = {pySEAL}
}


@article{Zuckerberg:2019,
      title  = "A Privacy Focused Vistion for Social Networking",
      author = "Mark Zuckerberg",
      url    = "https://www.facebook.com/notes/mark-zuckerberg/a-privacy-focused-vision-for-social-networking/10156700570096634/",
      year   = "2019 (accessed April 20, 2019)"
    }
    
@article{Selyukh:2013,
      title  = "NSA Staff Used Spy Tools on Spouses, Ex-Lovers: Watchdog",
      author = "Alina Selyukh",
      url    = "https://www.reuters.com/article/us-usa-surveillance-watchdog/nsa-staff-used-spy-tools-on-spouses-ex-lovers-watchdog-idUSBRE98Q14G2013092",
      year   = "2013 (accessed April 20, 2019)"
    }
    
@article{pymnts,
      title  = "Lyft Accused Of Giving Access To Rider Data, Including Zuck's Phone Number",
      author = "Pymnts",
      url    = "www.pymnts.com/news/ridesharing/2018/lyft-employees-data-security-breach-safety-ridesharing/",
      year   = "2018 (accessed April 20, 2019)"
    }

@article{iamtrask:2017,
      title  = "Safe Crime Detection",
      author = "iamtrask",
      url    = "https://iamtrask.github.io/2017/06/05/homomorphic-surveillance/",
      year   = "2017 (accessed April 20, 2019)"
    }

@article{scikit-learn,
 title={Scikit-learn: Machine Learning in {P}ython},
 author={Pedregosa, F. and Varoquaux, G. and Gramfort, A. and Michel, V.
         and Thirion, B. and Grisel, O. and Blondel, M. and Prettenhofer, P.
         and Weiss, R. and Dubourg, V. and Vanderplas, J. and Passos, A. and
         Cournapeau, D. and Brucher, M. and Perrot, M. and Duchesnay, E.},
 journal={Journal of Machine Learning Research},
 volume={12},
 pages={2825--2830},
 year={2011}
}

@article{rivest1978data,
  title={On data banks and privacy homomorphisms},
  author={Rivest, Ronald L and Adleman, Len and Dertouzos, Michael L and others},
  journal={Foundations of secure computation},
  volume={4},
  number={11},
  pages={169--180},
  year={1978}
}
@article{rivest1978method,
  title={A method for obtaining digital signatures and public-key cryptosystems},
  author={Rivest, Ronald L and Shamir, Adi and Adleman, Leonard},
  journal={Communications of the ACM},
  volume={21},
  number={2},
  pages={120--126},
  year={1978},
  publisher={ACM}
}

@inproceedings{gentry2009fully,
  title={Fully homomorphic encryption using ideal lattices.},
  author={Gentry, Craig and others},
  booktitle={Stoc},
  volume={9},
  number={2009},
  pages={169--178},
  year={2009}
}

@inproceedings{paillier1999public,
  title={Public-key cryptosystems based on composite degree residuosity classes},
  author={Paillier, Pascal},
  booktitle={International Conference on the Theory and Applications of Cryptographic Techniques},
  pages={223--238},
  year={1999},
  organization={Springer}
}

 @misc{ wiki:lattice,
   author = "{Wikipedia contributors}",
   title = "Lattice Problem --- {W}ikipedia{,} The Free Encyclopedia",
   year = "2004",
   url = "https://en.wikipedia.org/wiki/Lattice_problem",
   note = "[Online; accessed 22-April-2019]"
 }

@misc{raynal, 
title={A brief survey of Fully Homomorphic Encryption, computing on encrypted data}, url={https://blog.quarkslab.com/a-brief-survey-of-fully-homomorphic-encryption-computing-on-encrypted-data.html#gen}, 
journal={Quarkslabs blog ATOM}, author={Raynal, Fred}} 

@article{brakerski2014efficient,
  title={Efficient fully homomorphic encryption from (standard) LWE},
  author={Brakerski, Zvika and Vaikuntanathan, Vinod},
  journal={SIAM Journal on Computing},
  volume={43},
  number={2},
  pages={831--871},
  year={2014},
  publisher={SIAM}
}
@article{fan2012somewhat,
  title={Somewhat Practical Fully Homomorphic Encryption.},
  author={Fan, Junfeng and Vercauteren, Frederik},
  journal={IACR Cryptology ePrint Archive},
  volume={2012},
  pages={144},
  year={2012},
  publisher={Citeseer}
}

@misc{ISIS,
  author = {Fifth Tribe},
  title = {How ISIS Uses Twitter},
  year = {2016},
  note = {We scraped over 17,000 tweets from 100+ pro-ISIS fanboys from all over the world since the November 2015 Paris Attacks. , 
          \url{https://www.kaggle.com/fifthtribe/how-isis-uses-twitter}},
}

@inproceedings{bajard2016full,
  title={A full RNS variant of FV like somewhat homomorphic encryption schemes},
  author={Bajard, Jean-Claude and Eynard, Julien and Hasan, M Anwar and Zucca, Vincent},
  booktitle={International Conference on Selected Areas in Cryptography},
  pages={423--442},
  year={2016},
  organization={Springer}
}

@Article{logistic-regression-over-encrypted-data-from-fully-homomorphic-encryption-2,
author = {Laine, Kim and Gilad-Bachrach, Ran and Chen, Hao and Lauter, Kristin and Han, Kyoohyung and Huang, Zhicong and Jalali, Amir},
title = {Logistic regression over encrypted data from fully homomorphic encryption},
year = {2018},
month = {October}
}
@misc{ wiki:lattice,
   author = "{Wikipedia contributors}",
   title = "Ideal lattice cryptography --- {W}ikipedia{,} The Free Encyclopedia",
   year = "2004",
   url = "https://en.wikipedia.org/wiki/Ideal_lattice_cryptography"
 }

